%% Miscellaneous works


@misc{license:cc-by-nd-4.0,
author = {{Creative Commons}},
title = {{Attribution-NoDerivatives 4.0 License (CC BY-ND 4.0)}},
label = {cc},
year = {2013},
url = {https://creativecommons.org/licenses/by-nd/4.0/}
}

@online{wp:Richtungsbetrieb,
title = {{Richtungs- und Linienbetrieb}},
organization = {Wikipedia},
shorthand = {wp16},
url = {https://de.wikipedia.org/w/index.php?title=Richtungs-_und_Linienbetrieb&oldid=157212328},
version = {vom 20.~August 2016, 18:35~Uhr}
}

@online{wp:SPUI,
title = {{Anschlussstelle (Autobahn)}},
organization = {Wikipedia},
shorthand = {wp13},
url = {https://de.wikipedia.org/w/index.php?title=Anschlussstelle_(Autobahn)&oldid=117592609#Einpunktvollanschlussstelle_(SPUI)},
version = {vom 16.~April 2013, 18:42~Uhr}
}

