%% Maps
%%
%% (primarily used in chapter 2)


@misc{map:ito-passenger-lines,
author = {{Ito World}},
label = {ito},
title = {{Railway track (passenger\_lines)}},
note = {{© OpenStreetMap contributors. Kartendaten: Open Database Licence \cite{license:odbl}}},
year = {2016},
url = {http://product.itoworld.com/map/231},
addendum = {abgerufen am 20.~Januar 2016, 15:39~Uhr}
}

@misc{map:ito-tracks,
author = {{Ito World}},
label = {ito},
title = {{Railway track (tracks)}},
note = {{© OpenStreetMap contributors. Kartendaten: Open Database Licence \cite{license:odbl}}},
year = {2012},
addendum = {\nolinkurl{http://www.itoworld.com/map/14}\\(abgerufen in 2012; nicht mehr erreichbar)}
}

@misc{map:me,
label = {mm},
title = {{maps.me}},
note = {{Smartphone-Anwendung. Kartenausschnitt © My.com B.V. (Mail.Ru Group), OpenStreetMap contributors. Kartendaten: Open Database Licence \cite{license:odbl}; Kartengrafik: Apache License, Version 2.0 \cite{license:apache}}},
year = {2016},
url = {https://maps.me/de/home}
}

@misc{map:n250,
author = {{Norwegian Mapping Authority}},
label = {nma},
title = {{N250 Raster (1~:~250\,000)}},
note = {{© Kartverket. Kartendaten und Kartengrafik: Creative Commons Attribution-ShareAlike 4.0 \cite{license:cc-by-sa-4.0}}},
year = {2017},
url = {http://www.kartverket.no/}
}

@misc{map:oseam,
label = {osm},
title = {{OpenSeaMap}},
note = {{© OpenStreetMap contributors. Kartendaten: Open Database Licence \cite{license:odbl}; Kartengrafik: Creative Commons Attribution-ShareAlike 2.0 \cite{license:cc-by-sa-2.0}}},
year = {2017},
url = {http://openseamap.org/}
}

@misc{map:osm-carto,
title = {{OpenStreetMap-Karte --- Standard-Darstellung}},
label = {osm},
note = {{© OpenStreetMap contributors. Kartendaten: Open Database Licence \cite{license:odbl}; Kartengrafik: Creative Commons Attribution-ShareAlike 2.0 \cite{license:cc-by-sa-2.0}}},
year = {2018},
url = {https://www.openstreetmap.org/}
}

@misc{map:osm-de,
title = {{OpenStreetMap-Karte --- deutscher Kartenstil}},
label = {osm},
note = {{© OpenStreetMap contributors. Kartendaten: Open Database Licence \cite{license:odbl}; Kartengrafik: Creative Commons Attribution-ShareAlike 2.0 \cite{license:cc-by-sa-2.0}}},
year = {2017},
url = {https://www.openstreetmap.de/karte.html}
}

@misc{map:thunderforest,
author = {Allan, Andy},
title = {{Thunderforest Landscape}},
note = {{© Thunderforest, OpenStreetMap contributors. Kartendaten: Open Database Licence \cite{license:odbl}; Kartengrafik: Creative Commons Attribution-ShareAlike 2.0 \cite{license:cc-by-sa-2.0}}},
year = {2017},
url = {https://www.thunderforest.com/maps/landscape/}
}

@misc{license:apache,
author = {{Apache Software Foundation}},
title = {{Apache License, Version 2.0}},
label = {asf},
year = {2004},
url = {https://www.apache.org/licenses/LICENSE-2.0}
}

@misc{license:cc-by-sa-2.0,
author = {{Creative Commons}},
title = {{Attribution-ShareAlike 2.0 License (CC BY-SA 2.0)}},
label = {cc},
year = {2004},
url = {https://creativecommons.org/licenses/by-sa/2.0/}
}

@misc{license:cc-by-sa-4.0,
author = {{Creative Commons}},
title = {{Attribution-ShareAlike 4.0 License (CC BY-SA 4.0)}},
label = {cc},
year = {2013},
url = {https://creativecommons.org/licenses/by-sa/4.0/}
}

@misc{license:odbl,
author = {{Open Knowledge Foundation}},
label = {okf},
title = {{Open Data Commons Open Database License (ODbL) v1.0}},
year = {2009},
url = {https://opendatacommons.org/licenses/odbl/1.0/}
}

