%% Bibliography that Papers.app doesn't handle properly

@online{adv08b,
title = {{ATKIS-Objektartenkatalog Basis-DLM 6}},
label = {adv},
year = {2008},
url = {http://www.geodatenzentrum.de/docpdf/ATKIS-OK\%20Basis-DLM\%206_0.pdf}
}

@online{Dijk82,
author = {Dijkstra, Edsger W},
label = {D{\"y}k},
title = {{Why numbering should start at zero}},
month = aug,
year = {1982},
url = {https://www.cs.utexas.edu/users/EWD/ewd08xx/EWD831.PDF},
addendum = {abgerufen am 10.~Dezember 2005, 08:54~Uhr}
}

@online{All15,
author = {{Allan (Hrsg.)}, Andy},
title = {{openstreetmap-carto: roads.mss}},
year = {2015},
url = {https://github.com/gravitystorm/openstreetmap-carto/blob/fe4f8d48757cf85bb692129b5d9755ba5cadbbee/roads.mss},
addendum = {Fassung vom 21.~Oktober 2015}
}

@online{Deo13,
title = {{GeoTools 10.0 Released}},
author = {Deoliveira, Justin},
month = sep,
year = {2013},
url = {https://geotoolsnews.blogspot.de/2013/09/geotools-100-released.html},
addendum = {abgerufen am 25.~Oktober 2017}
}

@online{Fox12,
title = {{Advice \& clarification of the railway tracks=* tag required}},
author = {F, Dave},
year = {2012},
note = {Beitrag zur OpenStreetMap-Mailingliste „Tagging“, 7.~August 2012, 22:56~Uhr},
url = {https://lists.openstreetmap.org/pipermail/tagging/2012-August/011066.html}
}

@online{Hub12,
author = {Huber, Stefan},
title = {{Straight Skeleton Definition}},
note = {{Creative Commons Attribution-ShareAlike 3.0 \cite{license:cc-by-sa-3.0}}},
year = {2012},
url = {https://commons.wikimedia.org/wiki/File\%3AStraightSkeletonDefinition.png},
urldate = {2012-09-18},
addendum = {(Fassung vom 18.~September 2012, 09:14~Uhr)}
}

@manual{iho13,
organization = {{International Hydrographic Bureau}},
address = {{Monaco}},
label = {iho},
title = {{Regulations of the IHO for International (INT) Charts and Chart Specifications of the IHO}},
edition = {{4.4.0}},
year = {2013},
month = sep
}

@misc{license:apache,
author = {{Apache Software Foundation}},
title = {{Apache License, Version 2.0}},
label = {asf},
year = {2004},
url = {https://www.apache.org/licenses/LICENSE-2.0}
}

@misc{license:cc-by-sa-2.0,
author = {{Creative Commons}},
title = {{Attribution-ShareAlike 2.0 License (CC BY-SA 2.0)}},
label = {cc},
year = {2004},
url = {https://creativecommons.org/licenses/by-sa/2.0/}
}

@misc{license:cc-by-sa-3.0,
author = {{Creative Commons}},
title = {{Attribution-ShareAlike 3.0 License (CC BY-SA 3.0)}},
label = {cc},
year = {2007},
url = {https://creativecommons.org/licenses/by-sa/3.0/}
}

@misc{license:cc-by-sa-4.0,
author = {{Creative Commons}},
title = {{Attribution-ShareAlike 4.0 License (CC BY-SA 4.0)}},
label = {cc},
year = {2013},
url = {https://creativecommons.org/licenses/by-sa/4.0/}
}

@misc{license:cc-by-nd-4.0,
author = {{Creative Commons}},
title = {{Attribution-NoDerivatives 4.0 License (CC BY-ND 4.0)}},
label = {cc},
year = {2013},
url = {https://creativecommons.org/licenses/by-nd/4.0/}
}

@misc{license:odbl,
author = {{Open Knowledge Foundation}},
label = {okf},
title = {{Open Data Commons Open Database License (ODbL) v1.0}},
year = {2009},
url = {https://opendatacommons.org/licenses/odbl/1.0/}
}

@misc{map:ito-passenger-lines,
author = {{Ito World}},
label = {ito},
title = {{Railway track (passenger\_lines)}},
note = {{© OpenStreetMap contributors. Kartendaten: Open Database Licence \cite{license:odbl}}},
year = {2016},
url = {http://product.itoworld.com/map/231},
addendum = {abgerufen am 20.~Januar 2016, 15:39~Uhr}
}

@misc{map:ito-tracks,
author = {{Ito World}},
label = {ito},
title = {{Railway track (tracks)}},
note = {{© OpenStreetMap contributors. Kartendaten: Open Database Licence \cite{license:odbl}}},
year = {2012},
addendum = {\nolinkurl{http://www.itoworld.com/map/14}\\(abgerufen in 2012; nicht mehr erreichbar)}
}

@misc{map:me,
label = {mm},
title = {{maps.me}},
note = {{Smartphone-Anwendung. Kartenausschnitt © My.com B.V. (Mail.Ru Group), OpenStreetMap contributors. Kartendaten: Open Database Licence \cite{license:odbl}; Kartengrafik: Apache License, Version 2.0 \cite{license:apache}}},
year = {2016},
url = {https://maps.me/de/home}
}

@misc{map:n250,
author = {{Norwegian Mapping Authority}},
label = {nma},
title = {{N250 Raster (1~:~250\,000)}},
note = {{© Kartverket. Kartendaten und Kartengrafik: Creative Commons Attribution-ShareAlike 4.0 \cite{license:cc-by-sa-4.0}}},
year = {2017},
url = {http://www.kartverket.no/}
}

@misc{map:oseam,
label = {osm},
title = {{OpenSeaMap}},
note = {{© OpenStreetMap contributors. Kartendaten: Open Database Licence \cite{license:odbl}; Kartengrafik: Creative Commons Attribution-ShareAlike 2.0 \cite{license:cc-by-sa-2.0}}},
year = {2017},
url = {http://openseamap.org/}
}

@misc{map:osm-carto,
title = {{OpenStreetMap-Karte --- Standard-Darstellung}},
label = {osm},
note = {{© OpenStreetMap contributors. Kartendaten: Open Database Licence \cite{license:odbl}; Kartengrafik: Creative Commons Attribution-ShareAlike 2.0 \cite{license:cc-by-sa-2.0}}},
year = {2018},
url = {https://www.openstreetmap.org/}
}

@misc{map:osm-de,
title = {{OpenStreetMap-Karte --- deutscher Kartenstil}},
label = {osm},
note = {{© OpenStreetMap contributors. Kartendaten: Open Database Licence \cite{license:odbl}; Kartengrafik: Creative Commons Attribution-ShareAlike 2.0 \cite{license:cc-by-sa-2.0}}},
year = {2017},
url = {https://www.openstreetmap.de/karte.html}
}

@misc{map:thunderforest,
author = {Allan, Andy},
title = {{Thunderforest Landscape}},
note = {{© Thunderforest, OpenStreetMap contributors. Kartendaten: Open Database Licence \cite{license:odbl}; Kartengrafik: Creative Commons Attribution-ShareAlike 2.0 \cite{license:cc-by-sa-2.0}}},
year = {2017},
url = {https://www.thunderforest.com/maps/landscape/}
}

@online{ME11,
author = {Migurski, Michal and Erle, Schuyler},
title = {{Skeletron}},
year = {2011},
note = {2011},
url = {https://github.com/migurski/Skeletron/tree/976b7029afa8e52fd723137781cb01234539a655},
addendum = {Fassung vom 17.~März 2013, 21:41~Uhr}
}

@online{Mig12,
author = {Migurski, Michal},
year = {2012},
url = {http://mike.teczno.com/img/terrain-stamen-post/},
addendum = {Fassung vom 29.~März 2012, 08:27~Uhr}
}

@online{Nei15,
author = {Neis, Pascal},
title = {{OSMstats: Report for Nov, 07th 2015}},
year = {2015},
url = {https://osmstats.neis-one.org/?item=changesets&date=7-11-2015},
addendum = {Fassung vom 24.~April 2017, 14:15~Uhr}
}

@online{osm:HighwayLink,
title = {{Highway link}},
organization = {OpenStreetMap Wiki},
label = {osm},
year = {2012},
url = {https://wiki.openstreetmap.org/w/index.php?title=Highway_link&oldid=824541},
addendum = {Fassung vom 24.~Oktober 2012, 12:19~Uhr}
}

@online{osm:HighwayTrunk,
title = {{DE:Tag:highway=trunk}},
organization = {OpenStreetMap Wiki},
label = {osm},
year = {2012},
url = {https://wiki.openstreetmap.org/w/index.php?title=DE:Tag:highway\%3Dtrunk&oldid=829072\#Vergleich_mit_anderen_L.C3.A4ndern},
addendum = {Fassung vom 5.~November 2012, 19:59~Uhr}
}

@online{osm:InspectorHighways,
title = {{OSM Inspector/Views/Highways}},
organization = {OpenStreetMap Wiki},
label = {osm},
year = {2010},
url = {https://wiki.openstreetmap.org/w/index.php?title=OSM_Inspector/Views/Highways&oldid=400792\#Overview},
addendum = {Fassung vom 5.~Januar 2010, 15:45~Uhr}
}

@online{osm:ODbL,
title = {{DE:Open Database License}},
organization = {OpenStreetMap Wiki},
label = {osm},
year = {2012},
url = {https://wiki.openstreetmap.org/w/index.php?title=DE:Open_Database_License&oldid=809285},
addendum = {Fassung vom 15.~September 2012, 18:22~Uhr}
}

@online{osm:stats,
title = {{Stats report run at 2013-03-18}},
organization = {OpenStreetMap},
label = {osm},
year = {2013},
url = {https://www.openstreetmap.org/stats/data_stats.html},
addendum = {abgerufen am 18.~März 2013, 15:29~Uhr}
}

@online{osm:RouteRoad,
title = {{Tag:route=road}},
organization = {OpenStreetMap Taginfo},
label = {osm},
year = {2013},
url = {https://web.archive.org/web/20130429153219im_/http://wiki.openstreetmap.org/wiki/Tag:route\%3Droad},
addendum = {Fassung vom 29.~April 2013, 17:32~Uhr (via Internet Archive)}
}

@online{osm:TileUsage,
title = {{Tile disk usage}},
organization = {OpenStreetMap Wiki},
label = {osm},
year = {2012},
url = {https://wiki.openstreetmap.org/w/index.php?title=Tile_disk_usage&oldid=849586},
addendum = {Fassung vom 31.~Dezember 2012, 07:46~Uhr}
}

@online{osm:ZoomLevels,
title = {{Zoom levels}},
organization = {OpenStreetMap Wiki},
label = {osm},
year = {2013},
url = {https://wiki.openstreetmap.org/w/index.php?title=Zoom_levels&oldid=938300},
addendum = {Fassung vom 30.~August 2013, 16:38~Uhr}
}

@online{wp:SPUI,
title = {{Anschlussstelle (Autobahn)}},
organization = {Wikipedia},
label = {wp},
year = {2013},
url = {https://de.wikipedia.org/w/index.php?title=Anschlussstelle_(Autobahn)&oldid=117592609\#Einpunktvollanschlussstelle_(SPUI)},
addendum = {Fassung vom 16.~April 2013, 18:42~Uhr}
}

@online{wp:StraightSkeleton,
title = {{Straight skeleton}},
organization = {Wikipedia},
label = {wp},
year = {2013},
url = {https://en.wikipedia.org/w/index.php?title=Straight_skeleton&oldid=546598291},
addendum = {Fassung vom 23.~März 2013, 19:43~Uhr}
}

@online{wp:Landau,
title = {{Landau-Symbole}},
organization = {Wikipedia},
label = {wp},
year = {2013},
url = {https://de.wikipedia.org/w/index.php?title=Landau-Symbole&oldid=117035768\#Definition},
addendum = {Fassung vom 4.~April 2013, 17:30~Uhr}
}

@online{wp:Richtungsbetrieb,
title = {{Richtungs- und Linienbetrieb}},
organization = {Wikipedia},
label = {wp},
year = {2016},
url = {https://de.wikipedia.org/w/index.php?title=Richtungs-_und_Linienbetrieb&oldid=157212328},
addendum = {Fassung vom 20.~August 2016, 18:35~Uhr}
}
