%% Bibliography that Papers.app doesn't handle properly

@webpage{adv08,
title = {{ATKIS-Objektartenkatalog Basis-DLM 6}},
year = {2008},
location = {\url{http://www.geodatenzentrum.de/docpdf/ATKIS-OK%20Basis-DLM%206_0.pdf}}
}

@webpage{Fox12,
title = {{Advice \& clarification of the railway tracks=* tag required}},
author = {F, Dave},
year = {2012},
note = {Beitrag zur OpenStreetMap-Mailingliste „Tagging“, 7.~August 2012, 22:56~Uhr},
location = {\url{https://lists.openstreetmap.org/pipermail/tagging/2012-August/011066.html}}
}

@misc{iho13,
note = {{S4\_4.4.0\_EN\_Sep13}},
year = {2013}
}

@webpage{ME11,
author = {Migurski, Michal and Erle, Schuyler},
title = {{Skeletron}},
year = {2011},
note = {2011},
location = {\url{https://github.com/migurski/Skeletron/tree/976b7029afa8e52fd723137781cb01234539a655}},
locationnote = {Fassung vom 17.~März 2013, 21:41~Uhr}
}

@webpage{Mig12,
author = {Migurski, Michal},
year = {2012},
location = {\url{http://mike.teczno.com/img/terrain-stamen-post/}},
locationnote = {Fassung vom 29.~März 2012, 08:27~Uhr}
}

@webpage{osm:HighwayTrunk,
title = {{DE:Tag:highway=trunk}},
sitetitle = {OpenStreetMap Wiki},
key = {osm},
year = {2012},
location = {\url{https://wiki.openstreetmap.org/w/index.php?title=DE:Tag:highway%3Dtrunk&oldid=829072#Vergleich_mit_anderen_L.C3.A4ndern}},
locationnote = {Fassung vom 5.~November 2012, 19:59~Uhr}
}

@webpage{osm:TileUsagePolicy,
title = {{Tile usage policy --- Bulk Downloading}},
sitetitle = {OpenStreetMap Wiki},
key = {osm},
year = {2013},
location = {\url{https://wiki.openstreetmap.org/w/index.php?title=Tile_usage_policy&oldid=856714#Bulk_Downloading}},
locationnote = {Fassung vom 17.~Januar 2013, 08:30~Uhr}
}

@webpage{osm:ZoomLevels,
title = {{Zoom levels}},
sitetitle = {OpenStreetMap Wiki},
key = {osm},
year = {2013},
location = {\url{https://wiki.openstreetmap.org/w/index.php?title=Zoom_levels&oldid=938300}},
locationnote = {Fassung vom 30.~August 2013, 16:38~Uhr}
}

@webpage{wp:StraightSkeleton,
title = {{Straight skeleton}},
sitetitle = {Wikipedia},
key = {wp},
year = {2013},
location = {\url{https://en.wikipedia.org/w/index.php?title=Straight_skeleton&oldid=546598291}},
locationnote = {Fassung vom 23.~März 2013, 19:43~Uhr}
}
