%% Created using Papers on Thu, 13 Dec 2012.
%% http://mekentosj.com/papers/

@phdthesis{Sch09,
author = {Schwarz, Sebastian},
title = {{{\"O}ffentlicher Personennahverkehr in OpenStreetMap}},
school = {Hochschule Karlsruhe},
year = {2009},
address = {Karlsruhe},
month = jul,
keywords = {DA},
language = {German},
read = {Yes},
rating = {0},
date-added = {2012-10-09T16:11:46GMT+00:00},
date-modified = {2012-12-06T17:56:26GMT+00:00},
abstract = {Die vorliegende Diplomarbeit befasst sich mit der Modellierung von Geodaten, die einen Bezug zum {\"o}ffent- lichen Personennahverkehr ({\"O}PNV) aufweisen, in OpenStreetMap (OSM), einem Online-Community- Projekt zur Erfassung und Bereitstellung frei nutzbarer Geodaten.Ziel ist es, die Community zu motivieren, {\"O}PNV-bezogene Daten einheitlicher und vollst{\"a}ndiger zu erfassen sowie wirksamer zu gestalten als bisher. Daf{\"u}r wird das bestehende Modellierungsschema der Daten auf der Grundlage einer Analyse der gegenw{\"a}rtigen Situation angepasst und erweitert, wodurch eine gr{\"o}{\ss}ere Einfachheit, Nachvollziehbarkeit und Einheitlichkeit des Schemas erreicht wird sowie M{\"o}glichkeiten f{\"u}r eine zusammenh{\"a}ngende, detailreiche und differenzierende Gestaltung der Daten geschaffen werden. Um dem {\"u}berarbeiteten Schema zu einer gro{\ss}en Akzeptanz innerhalb der Community zu verhelfen, wird dieses mit der Community diskutiert, um es anschlie{\ss}end weiteren Verbesserungen zu unterziehen. Hernach wird das Schema exemplarisch angewendet, wodurch seine Praxistauglichkeit erwiesen wird, und zum Vergleich mit der bisherigen Situation kartographisch visualisiert. Ferner wird ein bestehendes, Web-basiertes Software-Tool f{\"u}r die Darstellung und Qualit{\"a}tssicherung von OSM-Daten um {\"O}PNV-Funktionalit{\"a}ten erweitert, um es der Community zu erm{\"o}glichen, nach dem ge{\"a}nderten Schema modellierte Daten darstellen und Fehler oder M{\"a}ngel in diesen erkennen zu k{\"o}nnen.Es zeigt sich, dass es in jedem Fall der Zusammenarbeit mit der Community bedarf, um ein {\"u}berarbei- tetes Modellierungsschema f{\"u}r Daten eines bestimmten Themenbereichs in OSM zu etablieren. Insgesamt betrachtet gelingt die Schaffung der genannten Motivation, da das Modellierungsschema akzeptiert wird, sich in der Praxis bew{\"a}hrt und -- auch auf Grund der Bereitstellung des Software-Tools -- nach und nach an immer mehr Stellen angewendet wird.},
url = {http://kahlfrost.de/diplom/},
local-url = {file://localhost(null)},
file = {{2009 Schwarz.pdf:/Users/aj3/Studium/DA/Ref/[Sch09] Öffentlicher Personennahverkehr in OpenStreetMap.pdf:application/pdf}},
uri = {\url{papers2://publication/uuid/302554C3-4918-4C9F-81A6-ECDB178337F9}}
}

@inproceedings{MWG12,
author = {M{\"u}ller, Matthias and Wiemann, Stefan and Grafe, Bernd},
title = {{A framework for building multi‐representation layers from OpenStreetMap data}},
booktitle = {15th ICA Workshop on Generalisation and Multiple Representation},
year = {2012},
keywords = {DA},
language = {English},
read = {Yes},
rating = {0},
date-added = {2012-10-01T11:36:14GMT+00:00},
date-modified = {2012-12-06T15:05:57GMT+00:00},
local-url = {file://localhost(null)},
file = {{15th ICA Generalisation Workshop 2012 Müller.pdf:/Users/aj3/Studium/DA/Ref/[MWG12] A framework for building multi‐representation layers from OpenStreetMap data.pdf:application/pdf}},
uri = {\url{papers2://publication/uuid/42FA366D-CE46-40A5-895C-9794090E7189}}
}

@phdthesis{Kne09,
author = {Knerr, Tobias},
title = {{Graphdarstellung von OpenStreetMap-Wegedaten}},
school = {Universit{\"a}t Passau},
year = {2009},
address = {Passau},
keywords = {DA},
language = {German},
read = {Yes},
rating = {0},
date-added = {2012-10-09T16:11:46GMT+00:00},
date-modified = {2012-12-06T18:50:56GMT+00:00},
abstract = {Diese Arbeit pr{\"a}sentiert einen Ansatz f{\"u}r die Qualit{\"a}tssicherung im OpenStreetMap-Projekt: Visualisierung eines aus Wegedaten des Projekts erzeugten Routinggraphen. Die zentralen Aspekte der Datenstruktur des OpenStreetMap-Datensatzes f{\"u}r Zwecke des Routings werden beschrieben und m ̈ogliche L{\"o}sungsalgorithmen f{\"u}r verschiedene Herausforderungen bei der Verarbeitung der Daten vorgestellt. Eine Umsetzung des Konzepts erfolgt in Form eines Plugins f{\"u}r den OpenStreetMap-Dateneditor JOSM.},
url = {http://tobias-knerr.de/publications/},
local-url = {file://localhost/Users/aj3/Studium/DA/Ref/%5BKne09%5D%20Graphdarstellung%20von%20OpenStreetMap-Wegedaten.pdf},
file = {{2009 Knerr.pdf:/Users/aj3/Studium/DA/Ref/[Kne09] Graphdarstellung von OpenStreetMap-Wegedaten.pdf:application/pdf}},
uri = {\url{papers2://publication/uuid/CDC59906-54B0-457E-92A7-32AFF1467691}}
}

@phdthesis{Kla11,
author = {Klammer, Ralf},
title = {{Integration von Generalisierungsfunktionalit{\"a}t f{\"u}r die automatischen Ableitung verschiedener Levels of Detail von OpenstreetMap Webkarten}},
school = {Technische Universit{\"a}t Dresden},
year = {2011},
address = {Dresden},
keywords = {DA},
language = {German},
rating = {0},
date-added = {2012-10-09T16:32:00GMT+00:00},
date-modified = {2012-12-06T17:59:24GMT+00:00},
abstract = {OpenStreetMap (OSM) konnte sich seit der Gr{\"u}ndung 2004 sehr schnell etablieren und stellt mittlerweile eine konkrete Alternative gegen{\"u}ber vergleichbaren kommerziellen Anwendungen dar. Dieser Erfolg ist eindeutig auf das revolution{\"a}re Grundkonzept des Projektes zur{\"u}ckzuf{\"u}hren. Weltweit werden r{\"a}umliche Daten durch Mitglieder erhoben und dem Projekt OSM zur Verf{\"u}gung gestellt. {\"U}ber die zugrunde liegenden Lizenzbestimmungen wird sichergestellt, dass OSM-Daten frei verf{\"u}gbar und kostenfrei weiter verwendbar sind. Vor allem die Vorstellung der Unabh{\"a}ngigkeit von propriet{\"a}ren Daten hat zu starker, weiterhin zunehmender globaler Beteiligung gef{\"u}hrt. Resultierend daraus errei- chen die verf{\"u}gbaren Daten inzwischen hohe Dichte sowie Genauigkeit.Visualisierungen in Form von interaktiven, frei skalierbaren Weltkarten, welche {\"u}ber die vollst{\"a}ndig automatisierten Softwarel{\"o}sungen Mapnik und Osmarender erstellt werden, sind am weitesten verbreitet. Infolgedessen m{\"u}ssen kartographische Grunds{\"a}tze und Regeln formalisiert und implementiert werden. Insbesondere in Bezug auf kartographische Generalisierung treten teils erhebliche M{\"a}ngel in den entsprechenden Umsetzungen auf. Dies bildet den Ausgangspunkt der Untersuchung. Ausgehend von einer Ist-Analyse werden vorhandene Defizite identifiziert und anschlie{\ss}end M{\"o}glichkeiten zur Integration von Generalisierungsfunktionalit{\"a}ten untersucht.Aktuelle Entwicklungen streben die Anwendung interoperabler Systeme im Kontext kar- tographischer Generalisierung an, mit dem Ziel Generalisierungsfunktionalit{\"a}ten {\"u}ber das Internet bereitzustellen. Grundlage hierf{\"u}r bilden die vom Open Geospatial Consortium (OGC) spezifizierten Web Processing Services (WPS). Sie erm{\"o}glichen die Analyse und Verarbeitung r{\"a}umlicher Daten. In diesem Zusammenhang werden Web Generalization Services (WebGen-WPS) auf m{\"o}gliche Integration in die Softwarel{\"o}sungen untersucht und bilden somit einen zentralen Untersuchungsgegenstand der vorliegenden Arbeit.Mapnik stellt, nicht zuletzt durch dessen offengelegten Quelltext („Open Source``), optimale Voraussetzungen f{\"u}r jene Implementierungen zur Verf{\"u}gung. Zur Verarbeitung von OSM-Daten verwendet Mapnik die freie Geodatenbank PostGIS, welche ebenfalls Funktionalit{\"a}ten zur Analyse und Verarbeitung r{\"a}umlicher Daten liefert. In diesem Kontext wird zus{\"a}tzlich untersucht, inwiefern PostGIS-Funktionen Potential zur Anwendung kartographischer Generalisierung aufweisen.},
local-url = {file://localhost(null)},
file = {{2011 Klammer.pdf:/Users/aj3/Studium/DA/Ref/[Kla11] Integration von Generalisierungsfunktionalität für die automatischen Ableitung verschiedener Levels of Detail von OpenstreetMap Webkarten.pdf:application/pdf}},
uri = {\url{papers2://publication/uuid/E68E697C-036C-463A-A95D-9EE33E1BD0B0}}
}

@phdthesis{Beh11,
author = {Behrens, Jan},
title = {{Segmentation of OpenStreetMap Data}},
school = {Uni Bremen},
year = {2011},
address = {Bremen},
month = sep,
keywords = {DA},
language = {English},
read = {Yes},
rating = {0},
date-added = {2012-10-09T16:37:45GMT+00:00},
date-modified = {2012-12-06T17:58:22GMT+00:00},
local-url = {file://localhost/Users/aj3/Studium/DA/Ref/%5BBeh11%5D%20Segmentation%20of%20OpenStreetMap%20Data.pdf},
file = {{2011 Behrens.pdf:/Users/aj3/Studium/DA/Ref/[Beh11] Segmentation of OpenStreetMap Data.pdf:application/pdf}},
uri = {\url{papers2://publication/uuid/E0193138-3177-438D-8E54-AAEED8250216}}
}

@inproceedings{Tho06b,
author = {Thomson, Robert C},
title = {{The `stroke' concept in Geographic Network Generalization and Analysis}},
booktitle = {Progress in Spatial Data Handling},
year = {2006},
pages = {681--697},
annote = {681f. two goals: network preservation + visual character preservation; this may be the same when little semantic information is available
683, 685: "Strokes are paths of good continuation: {\ldots}"
683: what looks important usually is important - tagging f{\"u}r den renderer
658: [Zhang 2004a]; [HAS05] !!!!
686: stroke {\_}building{\_} is very efficient (~ linear to the number of nodes)
686: defaults to angle of deflection unless attributes are available
687: total curvature of the stroke: [CM05]
688 "{\ldots} no guarantee that the network would not become disconnected if generalization were applied directly to these strokes"
688 2nd stage revision of stroke order eliminates this problem [Zhang 2004b: BLB 104 A 13328] [Eli02]
688f many pointers to other works/applications, including [Bro03] [Eli02] [Tho05] [CM05] [MM99]
690 more on higher-level perceptual groupings, [EM00] is "important advance"
693 "named streets approach": [JC04]
},
keywords = {DA},
language = {English},
read = {Yes},
rating = {0},
date-added = {2012-10-12T11:45:20GMT+00:00},
date-modified = {2012-12-06T16:18:33GMT+00:00},
abstract = {Strokes are relatively simple linear elements readily perceived in a network. Apart from their role as graphical elements, strokes reflect lines of flow or movement within the network itself and so constitute natural functional units. Since the functional importance of a stroke is reflected in its perceived salience this makes strokes a suitable basis for network generalization, through the preferential preservation of salient strokes during data reduction. In this paper an exploration of the dual functional-graphical nature of strokes is approached via a look at perceptual grouping in generalization. The identification and use of strokes are then described. The strengths and limitations of stroke-based generalization are discussed; how the technique may be developed is also considered. Finally, the functional role of strokes in networks is highlighted by a look at recent developments in space syntax and related studies.},
uri = {\url{papers2://publication/uuid/50A4A16E-D910-41A5-9664-390EB8C7C280}}
}

@book{MG11,
editor = {Schmidt, Manuela and Gartner, Georg},
title = {{Proceedings of the 1st European State of the Map}},
publisher = {State of the Map Europe},
year = {2011},
address = {Vienna, Austria},
keywords = {DA},
read = {Yes},
rating = {0},
date-added = {2012-10-09T15:34:39GMT+00:00},
date-modified = {2012-12-06T18:50:23GMT+00:00},
url = {http://sotm-eu.org/node/45},
local-url = {file://localhost/Users/aj3/Studium/DA/Ref/%5BMG11%5D%20Proceedings%20of%20the%201st%20European%20State%20of%20the%20Map.pdf},
file = {{2011.pdf:/Users/aj3/Studium/DA/Ref/[MG11] Proceedings of the 1st European State of the Map.pdf:application/pdf}},
uri = {\url{papers2://publication/uuid/71F2EEBB-E6E4-4AF7-B131-4D697C91C214}}
}

@inproceedings{TB00,
author = {Thomson, Robert C and Brooks, Rupert},
title = {{Efficient Generalisation and Abstraction of Network Data Using Perceptual Grouping}},
booktitle = {Proceedings of the 5th International Conference on GeoComputation},
year = {2000},
keywords = {DA},
language = {English},
rating = {0},
date-added = {2012-10-12T12:54:02GMT+00:00},
date-modified = {2012-11-08T22:09:59GMT+00:00},
abstract = {Spatial data generalisation or abstraction is a vital computational procedure in data presentation (notably in cartography) and in data integration. This paper considers the particular difficulties of the generalisation of road and river networks, outlining the approach developed at Canada Centre for Remote Sensing (CCRS) which exploits the principles of perceptual organisation . Perceptual organization (or grouping) principles present a powerful set of analysis tools for spatial data, with applications in various fields. They are key to the human understanding of images and hence can direct us to the crucial aspects of spatial analysis.
By means of the perceptual grouping principle of `good continuation' the network can be analysed (i.e. broken down) into linear elements, which are non-branching chains of arcs. We term these linear elements `strokes'; this term is prompted by the idea of a curvilinear segment that can be drawn in one smooth movement and without a dramatic change in style. Unlike arcs, strokes may in theory contain any positive number of nodes, and may intersect each other or themselves. They are also computationally simple to derive, and can be applied in both road and river network analysis. Furthermore, the stroke-building algorithm is both robust enough to operate on incomplete or imperfect data, and can be easily constrained using additional information.

Further analysis allows the derived strokes to be ordered, to reflect their relative importance in the network. The deletion of the elements according to this sequence then provides a simple and effective method of generalising (attenuating) the network. In the case of hydrologic networks, the established method of generalisation on the basis of stream orders can be viewed as a special instance of this more general approach. We also note that when two sub-strokes are combined into a new stroke the attributes of the resulting stroke can be easily obtained from those of the component sub-strokes. This allows the analysis of a network to be derived from the analysis of component pieces - with concomitant advantages in efficiency and storage.

This perception-based approach to network generalisation has been implemented and evaluated at CCRS. The implementation is outlined, results presented, and the effectiveness of the techniques demonstrated on both road and river networks. The technique has been used to do the hydrology selection for a map covering Canada's three northern territories.},
url = {http://www.geocomputation.org/2000/GC029/Gc029.htm},
local-url = {file://localhost/Users/aj3/Studium/DA/Ref/%5BTB00%5D%20Efficient%20Generalisation%20and%20Abstraction%20of%20Network%20Data%20Using%20Perceptual%20Grouping.webarchive},
file = {{5th GeoComputation Conference 2000 Thomson.webarchive:/Users/aj3/Studium/DA/Ref/[TB00] Efficient Generalisation and Abstraction of Network Data Using Perceptual Grouping.webarchive:application/x-safari}},
uri = {\url{papers2://publication/uuid/9A2F0F03-4E4A-4FBC-B221-69FF048C4732}}
}

@booklet{Heu65,
title = {{Neue Wege bei der Herstellung deutscher Seekarten}},
author = {Heupel, Aloys},
howpublished = {Deutsches Hydrographisches Institut},
address = {Hamburg},
year = {1965},
language = {German},
read = {Yes},
rating = {0},
date-added = {2012-10-01T11:58:59GMT+00:00},
date-modified = {2012-12-06T14:34:01GMT+00:00},
abstract = {Nach einigen Hinweisen auf die Bedeutung der Seekarte f{\"u}r die Seeschiffahrt und wenigen Bemerkungen zur Entwicklung des deutschen Seekartenwerks werden die kartographischen und reproduktionstechnischen Arbeiten der heutigen Seekartenherstellung dargelegt.Ausgehend von den M{\"o}glichkeiten der modernen Reprotechnik folgen Erl{\"a}uterungen, wie diese neueren Verfahren in verschiedenen Variationen eingesetzt werden. Hierbei wird auf die Forderung nach erh{\"o}hter Wirtschaftlichkeit sowie auf das Streben nach Zwangsl{\"a}ufigkeit und Sicherheit in allen Phasen des Produktionsablaufs bei der technischen Herstellung eingegangen. Erfahrungen aus der praktischen Arbeit, Einsatz der Kopierverfahren einschlie{\ss}lich des Strip-Mask-Verfahrens, Herstellung der Schrift {\"u}ber mechanischen Handsatz, Montage der Schrift und der vielen unterschiedlichen Signaturen durch Klebetechnik, erg{\"a}nzen diesen Abschnitt.Die Konzeption der kartographischen Bearbeitung wird an einigen ausgew{\"a}hlten Beispielen vorgef{\"u}hrt. Es kann gezeigt werden, wie durch den Einsatz der Reprotechnik die manuellen, physischen Vorg{\"a}nge bei der kartographischen Bearbeitung erleichtert werden. Es erfolgt aber auch der Hinweis, da{\ss} sich die sch{\"o}pferische, inhaltlich formgebende und gestaltende T{\"a}tigkeit des Kartographen nicht ersetzen l{\"a}{\ss}t.Das Problem der Fortf{\"u}hrung bei der Seekarte wird besonders beleuchtet. Aus drei Kartenbeispielen verschiedenen Ma{\ss}stabs kann die Entwicklung der letzten Jahre abgelesen werden.},
url = {http://books.google.de/books?id=dCY5HQAACAAJ&dq=heupel&hl=&cd=21&source=gbs_api},
local-url = {file://localhost(null)},
file = {{1965 Heupel.pdf:/Users/aj3/Geomatik/Karten (nautisch)/DE Bundesamt für Seeschifffahrt und Hydrographie BSH/Neue Wege bei der Herstellung deutscher Seekarten [Heu65]/Neue Wege bei der Herstellung deutscher Seekarten.pdf:application/pdf;1965 Heupel.pdf:/Users/aj3/Geomatik/Karten (nautisch)/DE Bundesamt für Seeschifffahrt und Hydrographie BSH/Neue Wege bei der Herstellung deutscher Seekarten [Heu65]/Neue Wege bei der Herstellung deutscher Seekarten.pdf:application/pdf}},
uri = {\url{papers2://publication/uuid/B9ADAC8B-6912-4A67-ABB9-58654CCB65EE}}
}

@inproceedings{CM05,
author = {Chaudhry, Omair and Mackaness, William A},
title = {{Rural and Urban Road Network Generalisation: Deriving 1:250,000 from OS MasterMap}},
booktitle = {Proceedings of the 22nd International Cartographic Conference},
year = {2005},
pages = {1--12},
keywords = {DA},
rating = {0},
date-added = {2012-10-12T13:31:30GMT+00:00},
date-modified = {2012-12-06T14:39:09GMT+00:00},
abstract = {Roads are essential component of topographic maps and spatial databases. The challenge in automated generalisation of road networks is to derive a connected network while maintaining the structure for the intended target scale and to achieve this with minimum user intervention. A lot of methods to select, displace and simplify roads have been presented; the focus here is on the generalisation of networks using visual perception techniques. This paper presents a framework based on visual perception that uses minimum attributes for generalisation of both `rural' and `urban' roads over large scale change. The system incorporated graph theoretic techniques to explicitly model the topology of the network as it was generalized. The model uses a fine scale map (1:1250 or 1:2500) as input and generates small scale (1:250,000) maps directly from it without creating intermediate small scale maps. The results compared favorably with paper maps (Ordnance Surveys Stratgie dataset (1:250,000)).},
url = {http://hdl.handle.net/1842/1137},
local-url = {file://localhost/Users/aj3/Studium/DA/Ref/%5BCM05%5D%20Rural%20and%20Urban%20Road%20Network%20Generalisation;%20Deriving%201:250000%20from%20OS%20MasterMap.pdf},
file = {{22nd Cartographic Conference 2005 Chaudhry.pdf:/Users/aj3/Studium/DA/Ref/[CM05] Rural and Urban Road Network Generalisation; Deriving 1:250000 from OS MasterMap.pdf:application/pdf}},
uri = {\url{papers2://publication/uuid/C2F69A89-AEBD-442B-BD49-72EFE6974590}}
}

@inproceedings{KB12,
author = {Klammer, Ralf and Burghardt, Dirk},
title = {{Approaches for enhancing tile-based mapping with cartographic generalisation}},
booktitle = {15th ICA Workshop on Generalisation and Multiple Representation},
year = {2012},
pages = {1--12},
keywords = {DA},
language = {English},
rating = {0},
date-added = {2012-10-09T12:16:33GMT+00:00},
date-modified = {2012-12-06T14:52:47GMT+00:00},
local-url = {file://localhost/Users/aj3/Studium/DA/Ref/%5BKB12%5D%20Approaches%20for%20enhancing%20tile-based%20mapping%20with%20cartographic%20generalisation.pdf},
file = {{15th ICA Generalisation Workshop 2012 Klammer.pdf:/Users/aj3/Studium/DA/Ref/[KB12] Approaches for enhancing tile-based mapping with cartographic generalisation.pdf:application/pdf}},
uri = {\url{papers2://publication/uuid/88360D17-D659-4992-8CD6-E993B7892161}}
}

@inproceedings{TBDJRG12,
author = {Touya, Guillaume and Balley, Sandrine and Duchene, Cecile and Jaara, Kusay and Regnauld, Nicolas and Gould, Nicholas},
title = {{Towards an Ontology of Spatial Relations and Relational Constraints}},
booktitle = {15th ICA Workshop on Generalisation and Multiple Representation},
year = {2012},
pages = {1--10},
keywords = {DA},
language = {English},
read = {Yes},
rating = {0},
date-added = {2012-10-09T12:16:38GMT+00:00},
date-modified = {2012-12-06T15:06:08GMT+00:00},
local-url = {file://localhost/Users/aj3/Studium/DA/Ref/%5BTBDJRG12%5D%20Towards%20an%20Ontology%20of%20Spatial%20Relations%20and%20Relational%20Constraints.pdf},
file = {{15th ICA Generalisation Workshop 2012 Touya.pdf:/Users/aj3/Studium/DA/Ref/[TBDJRG12] Towards an Ontology of Spatial Relations and Relational Constraints.pdf:application/pdf}},
uri = {\url{papers2://publication/uuid/764EDE79-8346-43D7-ABE7-861644650595}}
}

@inproceedings{TB02,
author = {Thomson, Robert C and Brooks, Rupert},
title = {{Exploiting Perceptual Grouping for Map Analysis, Understanding and Generalization: The Case of Road and River Networks}},
booktitle = {Graphics Recognition Algorithms and Applications},
year = {2002},
pages = {148--157},
publisher = {Springer},
month = sep,
keywords = {DA},
isbn = {3-540-44066-6	},
language = {English},
rating = {0},
date-added = {2012-10-09T12:25:54GMT+00:00},
date-modified = {2012-10-13T20:29:37GMT+00:00},
abstract = {A successful project in automated map generalization under-taken at the National Atlas of Canada made extensive use of the implicit perceptual information present in road and river networks as a means of analysing and understanding their basic structure. Using the perceptual grouping principle of `good continuation', a network is decomposed into chains of network arcs, termed `strokes'. The network strokes are then automatically ranked according to derived measures. Deleting strokes from the network following this ranking sequence provides a simple but very effective means of generalizing (attenuating) the network. This technique has practical advantages over previous methods. It has been employed in road network generalization, and applied in the selection of hydrologic data for a map covering Canada's northern territories. The method may find further application in the interpretation of other forms of documents, such as diagrams or handwriting.},
local-url = {file://localhost/Users/aj3/Studium/DA/Ref/%5BTB02%5D%20Exploiting%20Perceptual%20Grouping%20for%20Map%20Analysis,%20Understanding%20and%20Generalization;%20The%20Case%20of%20Road%20and%20River%20Networks.pdf},
file = {{4th GREC Workshop 2002 Thomson.pdf:/Users/aj3/Studium/DA/Ref/[TB02] Exploiting Perceptual Grouping for Map Analysis, Understanding and Generalization; The Case of Road and River Networks.pdf:application/pdf}},
uri = {\url{papers2://publication/uuid/83640AF0-BB5C-4FE4-AC77-C2CFF339A275}}
}

@inproceedings{Wei02,
author = {Weindorf, Manuel},
title = {{Structure Based Interpretation of Unstructured Vector Maps}},
booktitle = {Graphics Recognition Algorithms and Applications},
year = {2002},
pages = {190--199},
month = sep,
keywords = {DA},
language = {English},
rating = {0},
date-added = {2012-10-09T12:25:54GMT+00:00},
date-modified = {2012-10-13T20:29:37GMT+00:00},
abstract = {This work presents an approach to map interpretation starting from unstructured vector data. For this task a map interpreter based on PROLOG and grammatical object descriptions has been considered. The major challenge in this approach is the definition of production rules and grammars which are general enough to handle different data sets and which are specific enough to discriminate the different object types.},
local-url = {file://localhost/Users/aj3/Studium/DA/Ref/%5BWei02%5D%20Structure%20Based%20Interpretation%20of%20Unstructured%20Vector%20Maps.pdf},
file = {{4th GREC Workshop 2002 Weindorf.pdf:/Users/aj3/Studium/DA/Ref/[Wei02] Structure Based Interpretation of Unstructured Vector Maps.pdf:application/pdf}},
uri = {\url{papers2://publication/uuid/E642571F-64AE-4F11-A6A9-D76DE17DAF29}}
}

@article{II86,
author = {Imai, Hiroshi and Iri, Masao},
title = {{Computational-Geometric Methods for Polygonal Approximations of a Curve}},
journal = {Computer Vision, Graphics and Image Processing},
year = {1986},
volume = {36},
number = {1},
pages = {31--41},
month = oct,
keywords = {DA},
doi = {10.1016/S0734-189X(86)80027-5},
language = {English},
rating = {0},
date-added = {2012-10-09T12:26:20GMT+00:00},
date-modified = {2012-12-06T14:45:20GMT+00:00},
abstract = {In cartography, computer graphics, pattern recognition, etc., we often encounter the problem of approximating a given finer piecewise linear curve by another coarser piecewise linear curve consisting of fewer line segments. In connection with this problem, a number of papers have been published, but it seems that the problem itself has not been well modelled from the standpoint of specific applications, nor has a nice algorithm, nice from the computational-geometric viewpoint, been proposed. In the present paper, we first consider (i) the problem of approximating a piecewise linear curve by another whose vertices are a subset of the vertices of the former, and show that an optimum solution of this problem can be found in a polynomial time. We also mention recent results on related problems by several researchers including the authors themselves. We then pose (ii) a problem of covering a sequence of n points by a minimum number of rectangles with a given width, and present an O(n long n)-time algorithm by making use of some fundamental established techniques in computational geometry. Furthermore, an O(mn(log n) 2)-time algorithm is presented for finding the minimum width w such that a sequence of n points can be covered by at most m rectangles with width w. Finally, (iii) several related problems are discussed.},
url = {http://www.sciencedirect.com/science/article/pii/S0734189X86800275},
local-url = {file://localhost/Users/aj3/Studium/DA/Ref/%5BII86%5D%20Computational-Geometric%20Methods%20for%20Polygonal%20Approximations%20of%20a%20Curve.pdf},
file = {{CVGIP 1986 Imai.pdf:/Users/aj3/Studium/DA/Ref/[II86] Computational-Geometric Methods for Polygonal Approximations of a Curve.pdf:application/pdf}},
uri = {\url{papers2://publication/doi/10.1016/S0734-189X(86)80027-5}}
}

@proceedings{Eli02,
title = {{Automatic Derivation of Location Maps}},
year = {2002},
keywords = {DA},
language = {English},
read = {Yes},
rating = {0},
date-added = {2012-10-12T14:10:03GMT+00:00},
date-modified = {2012-12-06T14:43:55GMT+00:00},
url = {http://www.isprs.org/proceedings/XXXIV/part4/pdfpapers/248.pdf},
local-url = {file://localhost/Users/aj3/Studium/DA/Ref/%5BEli02%5D%20Automatic%20Derivation%20of%20Location%20Maps.pdf},
file = {{2002 Elias.pdf:/Users/aj3/Studium/DA/Ref/[Eli02] Automatic Derivation of Location Maps.pdf:application/pdf}},
uri = {\url{papers2://publication/uuid/0FC486FC-525B-46A4-846B-3F945FDE6052}}
}

@inproceedings{Tho05,
author = {Thom, Stuart},
title = {{A Strategy for Collapsing OS Integrated Transmport Network Dual Carriageways}},
booktitle = {8th ICA Workshop on Generalisation and Multiple Representation},
year = {2005},
address = {A Coru{\~n}a},
keywords = {DA},
language = {English},
read = {Yes},
rating = {0},
date-added = {2012-10-12T14:25:22GMT+00:00},
date-modified = {2012-11-16T08:32:02GMT+00:00},
abstract = {The research topic of this paper is vector-based automated model generalisation of OS Integrated Transport NetworkTM. Two subsets of the road network are selected to perform generalisation on, firstly the dual carriageway road sections are tracked and collapsed to a single centreline representing the dual carriageway, and secondly the traffic island sections are similarly collapsed. A method of doing this successfully using stroke type objects, created with the constraint of one-way direction, is described. These strokes are paired on the basis of their end connections and collapsed (or merged) to a single stroke. This centre line is connected to the road network.},
url = {http://www.docstoc.com/docs/34394984/A-Strategy-for-Generalising-OS-MasterMap-Tree-Polygons-to-150-000},
local-url = {file://localhost(null)},
file = {{8th ICA Generalisation Workshop 2005 Thom.pdf:/Users/aj3/Studium/DA/Ref/[Tho05] A Strategy for Collapsing OS Integrated Transmport Network™ Dual Carriageways.pdf:application/pdf}},
uri = {\url{papers2://publication/uuid/0365EDA2-7AF9-4852-B3EA-9DE75CB424AF}}
}

@article{MM99,
author = {Mackaness, William A and Mackechnie, Gordon A},
title = {{Automating the Detection and Simplification of Junctions in Road Networks}},
journal = {GeoInformatica},
year = {1999},
volume = {3},
number = {2},
pages = {185--200},
keywords = {DA},
doi = {10.1023/A:1009807927991},
language = {English},
read = {Yes},
rating = {0},
date-added = {2012-10-12T14:59:06GMT+00:00},
date-modified = {2012-12-06T14:48:59GMT+00:00},
abstract = {A road network is cartographically drawn in varying levels of detail depending on the resolution or scale of the output graphic. In automated generalization, the challenge is in deriving generalized forms of a road network, appropriate for the intended target scale and to achieve this with minimum intervention from the user. This paper presents a method for the detection and simplification of road junctions as part of that process. Road junctions within the network are identified using a combination of spatial clustering and graph theory. The junctions are simplified using a combination of contractions and restrictions of the graph. Consideration is given to ways in which attribute and cartometric information can be used both to modify the behavior of the algorithm, and to influence the choice of other generalization algorithms. This algorithm is considered to be part of a growing number of generalization algorithms that can be used to derive generalized products from single detailed database. The success and limitations are discussed and future developments are proposed.},
url = {http://www.geos.ed.ac.uk/homes/wam/},
local-url = {file://localhost/Users/aj3/Studium/DA/Ref/%5BMM99%5D%20Automating%20the%20Detection%20and%20Simplification%20of%20Junctions%20in%20Road%20Networks.pdf},
file = {{Geoinformatica 1999 Mackaness-1.pdf:/Users/aj3/Studium/DA/Ref/[MM99] Automating the Detection and Simplification of Junctions in Road Networks.pdf:application/pdf}},
uri = {\url{papers2://publication/doi/10.1023/A:1009807927991}}
}

@inproceedings{EM00,
author = {Edwardes, Alistair J and Mackaness, William A},
title = {{Intelligent Generalisation of Urban Road Networks}},
booktitle = {Proceedings of GIS Research UK 2000 Conference University of York},
year = {2000},
pages = {81--85},
keywords = {DA},
language = {English},
rating = {0},
date-added = {2012-10-12T15:53:35GMT+00:00},
date-modified = {2012-12-06T14:40:35GMT+00:00},
local-url = {file://localhost/Users/aj3/Studium/DA/Ref/%5BEM00%5D%20Intelligent%20Generalisation%20of%20Urban%20Road%20Networks.pdf},
file = {{GISRUK 2000 2000 Edwardes.pdf:/Users/aj3/Studium/DA/Ref/[EM00] Intelligent Generalisation of Urban Road Networks.pdf:application/pdf;GISRUK 2000 2000 Edwardes.pdf:/Users/aj3/Studium/DA/Ref/[EM00] Intelligent Generalisation of Urban Road Networks.pdf:application/pdf}},
uri = {\url{papers2://publication/uuid/11098DB7-C464-4A89-863C-64CEBAE298E9}}
}

@article{JC04,
author = {Bin Jiang and Claramunt, C A},
title = {{A Structural Approach to the Model Generalization of an Urban Street Networ}},
journal = {GeoInformatica},
year = {2004},
volume = {8},
number = {2},
pages = {157--171},
keywords = {DA},
language = {English},
rating = {0},
date-added = {2012-10-12T18:55:22GMT+00:00},
date-modified = {2012-12-06T14:45:28GMT+00:00},
abstract = {This paper proposes a novel generalization model for selecting characteristic streets in an urban street network. This model retains the central structure of a street network. It relies on a structural representation of a street network using graph principles where vertices represent named streets and links represent street intersections. Based on this representation, so-called connectivity graph, centrality measures are introduced to qualify the status of each individual vertex within the graph. We show that these measures can be used for characterizing the structural properties of an urban street network, and for the selection of important streets. The proposed approach is validated by a case study applied to a middle-sized Swedish city.},
local-url = {file://localhost/Users/aj3/Studium/DA/Ref/%5BJC04%5D%20A%20Structural%20Approach%20to%20the%20Model%20Generalization%20of%20an%20Urban%20Street%20Networ.pdf},
file = {{Geoinformatica 2004 Bin Jiang.pdf:/Users/aj3/Studium/DA/Ref/[JC04] A Structural Approach to the Model Generalization of an Urban Street Networ.pdf:application/pdf}},
uri = {\url{papers2://publication/uuid/89FBAB43-7DFB-41B1-BF3F-81A4931A69D5}}
}

@article{NZ12,
author = {Neis, Pascal and Zipf, Alexander},
title = {{Analyzing the Contributor Activity of a Volunteered Geographic Information Project --- The Case of OpenStreetMap}},
journal = {ISPRS International Journal of Geo-Information},
year = {2012},
volume = {1},
number = {2},
pages = {146--165},
month = jul,
doi = {10.3390/ijgi1020146},
language = {English},
read = {Yes},
rating = {0},
date-added = {2012-10-13T20:31:21GMT+00:00},
date-modified = {2012-11-08T22:08:51GMT+00:00},
abstract = {The OpenStreetMap (OSM) project, founded in 2004, has gathered an exceptional amount of interest in recent years and counts as one of the most impressive sources of Volunteered Geographic Information (VGI) on the Internet. In total, more than half a million members had registered for the project by the end of 2011. However, while this number of contributors seems impressive, questions remain about the individual contributions that have been made by the project members. This research article contains several studies regarding the contributions by the community of the project. The results show that only 38% (192,000) of the registered members carried out at least one edit in the OSM database and that only 5% (24,000) of all members actively contributed to the project in a more productive way. The majority of the members are located in Europe (72%) and each member has an activity area whose size may range from one soccer field up to more than 50 km2. In addition to several more analyses conducted for this article, predictions will be made about how this newly acquired knowledge can be used for future research.},
url = {http://www.mdpi.com/2220-9964/1/2/146/},
local-url = {file://localhost(null)},
file = {{IJGI 2012 Neis.pdf:/Users/aj3/Geomatik/Publications/[NZ12] Analyzing the Contributor Activity of a Volunteered Geographic Information Project — The Case of OpenStreetMap.pdf:application/pdf}},
uri = {\url{papers2://publication/doi/10.3390/ijgi1020146}}
}

@inproceedings{Dun04,
author = {Dunkars, Mats},
title = {{Automated Generalisation in a Multiple Representation Database}},
booktitle = {12th Int. Conf. on Geoinformatics − Geospatial Information Research: Bridging the Pacific and Atlantic},
year = {2004},
pages = {741--748},
address = {G{\"a}vle, Sweden},
keywords = {DA},
language = {English},
rating = {0},
date-added = {2012-10-09T15:48:30GMT+00:00},
date-modified = {2012-12-06T14:40:22GMT+00:00},
abstract = {A multiple representation database contains several geographic data sets defined at different resolutions covering the same area. Objects within the different datasets that represent the same real world entity are connected with bi-directional links. Multiple representation databases can be used to increase the efficiency of updating topographic data sets. Updates in the large-scale dataset can be generalised and propagated to the small-scale datasets automatically. In this paper a method for automated propagation of updates in a multiple representation database is presented. Currently the method is designed to handle updates of roads and buildings.A difficult issue in research on cartographic generalisation is how to obtain and formalise the cartographers' knowledge in such a way that it can be used to develop an automated procedure. In this paper data mining methods are used to extract such knowledge from a multiple representation database. An unsupervised classification of the objects in the large- scale data set is performed using the ISODATA algorithm. For each class the probability that members of the class are represented in a certain way in the small-scale data set is calculated. This knowledge is used for the automated propagation of updates. The method is currently being tested on topographical data sets provided by the Swedish National Land Survey on a scale of 1:10 000, 1:50 000 and 1:100 000.},
local-url = {file://localhost/Users/aj3/Studium/DA/Ref/%5BDun04%5D%20Automated%20Generalisation%20in%20a%20Multiple%20Representation%20Database.pdf},
file = {{Geoinformatics 2004 2004 Dunkars.pdf:/Users/aj3/Studium/DA/Ref/[Dun04] Automated Generalisation in a Multiple Representation Database.pdf:application/pdf}},
uri = {\url{papers2://publication/uuid/69206979-0F15-4156-AA2B-90E0E8B30E5B}}
}

@article{TP66,
author = {T{\"o}pfer, Friedrich and Pillewizer, Wolfgang},
title = {{The Principles of Selection}},
journal = {The Cartographic Journal},
year = {1966},
volume = {3},
number = {1},
pages = {10--16},
month = may,
language = {English},
read = {Yes},
rating = {0},
date-added = {2012-10-16T12:39:13GMT+00:00},
date-modified = {2012-11-08T22:08:26GMT+00:00},
abstract = {The fundamental of cartographic generalisation, the reduction of the amount of information which can be shown on a amp in relation to reduction in scale, is examined. The Principle of Selection was first proposed by T{\"o}pfer in 1961, and is expressed as an equation relating to the number of occurrences of a particular feature at source map scale and at derived map scale. The application of this to small-scale maps involves the introduction of two constants to represent symbolic exxageration and symbolic form. Examples are given and illustrated. The paper is accompanied by explanatory notes by Dr D. H. Maling, who presented the paper on behalf of the authors at the 20th International Geographical Congress London 1964, Section IX, Cartography.},
local-url = {file://localhost/Users/aj3/Studium/DA/Ref/%5BTP66%5D%20The%20Principles%20of%20Selection.pdf},
file = {{Cartographic Journal 1966 Töpfer.pdf:/Users/aj3/Studium/DA/Ref/[TP66] The Principles of Selection.pdf:application/pdf}},
uri = {\url{papers2://publication/uuid/7DFD43A7-AB32-48F7-990B-13166359DCEC}}
}

@inproceedings{HAS05,
author = {Heinzle, Frauke and Anders, Karl-Heinrich and Sester, Monika},
title = {{Graph Based Approaches for Recognition of Patterns and Implicit Information in Road Networks}},
booktitle = {Proceedings of the 22nd International Cartographic Conference},
year = {2005},
month = sep,
keywords = {DA},
language = {English},
rating = {0},
date-added = {2012-11-08T21:24:28GMT+00:00},
date-modified = {2012-12-06T14:44:27GMT+00:00},
url = {http://www.ikg.uni-hannover.de/fileadmin/ikg/staff/publications/Konferenzbeitraege_abstract_review/HeinzleAndersSester_ICC2005.pdf},
local-url = {file://localhost/Users/aj3/Studium/DA/Ref/%5BHAS05%5D%20Graph%20Based%20Approaches%20for%20Recognition%20of%20Patterns%20and%20Implicit%20Information%20in%20Road%20Networks.pdf},
file = {{22nd Cartographic Conference 2005 Heinzle.pdf:/Users/aj3/Studium/DA/Ref/[HAS05] Graph Based Approaches for Recognition of Patterns and Implicit Information in Road Networks.pdf:application/pdf}},
uri = {\url{papers2://publication/uuid/E9CF886C-D910-4E46-887B-371D4454A040}}
}

@inproceedings{OHSZ10,
author = {Over, Martin and El Hachadi, Mohammed and Schilling, Arne and Zipf, Alexander},
title = {{Automatisierte Generalisierungsverfahren von 3D-Stadt-und Landschaftsmodellen}},
booktitle = {Angewandte Geoinformatik 2010},
year = {2010},
publisher = {VDE VERLAG GmbH},
keywords = {DA},
language = {German},
rating = {0},
date-added = {2012-10-09T15:26:55GMT+00:00},
date-modified = {2012-12-06T14:49:42GMT+00:00},
abstract = {Seit April 2009 steht mit dem OpenStreetMap-3D-Projekt (OSM-3D 2010) eine Geodateninfrastruktur zur Verf{\"u}gung mit der die nutzergenerierten OpenStreetMap (OSM 2010) Geodaten Deutschlands interaktiv in 3D erkundet werden k{\"o}nnen. Seit Januar 2010 liegt ein erstes Update vor, bei dem nicht nur eine r{\"a}umliche Erweiterung stattfand, mit der nun zahlreiche St{\"a}dte Europas abgedeckt werden. Die Komponenten der 3D-Geodateninfrastruktur (GDI-3D 2010) basieren auf Standards oder Standardentw{\"u}rfen des Open Geospatial Consortiums. F{\"u}r die Kernkomponente der GDI-3D, den Web 3D Service (W3DS 2009) liegt seit Anfang 2010 ein neuer Diskussionsentwurf vor. Die bedeutendste Neuerung ist, dass neben einer 'GetScene' Abfrage welche eine 3D-Szene gem{\"a}{\ss} den Request Parametern des Nutzers liefert, eine 'GetTile' Anfrage eingef{\"u}hrt wurde. Durch diesen Anfragetyp hat der Nutzer die M{\"o}glichkeit auf quadratische Kacheln (Tiles) eines Landschaftmodells in unterschiedlichen Gr{\"o}{\ss}en und Detailstufen zuzugreifen. Diese k{\"o}nnen dann in Abh{\"a}ngigkeit von der Distanz zur virtuellen Kamera vom Clienten visualisiert werden. Dieses Verfahren reduziert das Daten{\"u}bertragungsvolumen und somit auch die Datenmenge, die vom Clienten gerendet werden muss. Dieser Beitrag besch{\"a}ftigt sich mit der Automatisierung der Generalisierung der Detailstufen, welche einerseits durch eine Kantenkontraktion erreicht wurde und andererseits durch "klassische" GIS Generalisierungsmethoden (Aggregation, Kurvenvereinfachung, Filterung).},
url = {http://www.vde-verlag.de/proceedings-en/537495131.html},
local-url = {file://localhost/Users/aj3/Studium/DA/Ref/%5BOHSZ10%5D%20Automatisierte%20Generalisierungsverfahren%20von%203D-Stadt-und%20Landschaftsmodellen.pdf},
file = {{AGIT 2010 2010 Over.pdf:/Users/aj3/Studium/DA/Ref/[OHSZ10] Automatisierte Generalisierungsverfahren von 3D-Stadt-und Landschaftsmodellen.pdf:application/pdf}},
uri = {\url{papers2://publication/uuid/9B3EC0D6-449C-42BF-A7B6-7D740DBBFC25}}
}

